@Book{Leunen:Scholars:92,
	author		= {M.-C. van Leunen},
	title		= {A Handbook for Scholars},
	publisher	= {Oxford University Press},
	year		= 1992
}

@inproceedings{Sennrich:16,
	author		= {Rico Sennrich, Barry Haddow and Alexandra Birch},
	title		= {Controlling Politeness in Neural Machine Translation via Side Constraints},
	booktitle	= {NAACL},
	year		= 2016 
}

@misc{Sennrich:15,
	title		= {Neural Machine Translation of Rare Words with Subword Units},
	author		= {Rico Sennrich and Barry Haddow and Alexandra Birch},
	year		= {2015},
	eprint		= {1508.07909},
	archivePrefix	= {arXiv},
	primaryClass	= {cs.CL}
}

@inproceedings{Niu:18,
	title		= {Multi-Task Neural Models for Translating Between Styles Within and Across Languages},
	author		= {Xing Niu and Sudha Rao and Marine Carpuat},
	booktitle	= {COLING},
	year		= 2018
}

@article{Zoph:16,
	author		= {Barret Zoph and Kevin Knight},
	title		= {Multi-Source Neural Translation},
	journal		= {CoRR},
	volume		= {abs/1601.00710},
	year		= {2016},
	url		= {http://arxiv.org/abs/1601.00710},
	archivePrefix	= {arXiv},
	eprint		= {1601.00710},
	timestamp	= {Mon, 13 Aug 2018 16:47:09 +0200},
	biburl		= {https://dblp.org/rec/bib/journals/corr/ZophK16},
	bibsource	= {dblp computer science bibliography, https://dblp.org}
}

@article{Brown:60,
	author		= {R.Brown and A. Gilman},
	title		= {The Pronouns of Power and Solidarity},
	journal		= {Style in Language, MIT Press},
	year		= {1960},
}

@Misc{Taylor:SIGuide:95,
	author		= {B. N. Taylor},
	title		= {Guide for the Use of the International System of Units (SI)},
	howpublished	= {NIST Special Publication 811},
	year		= 1995,
	note		= {\url{http://physics.nist.gov/Document/sp811.pdf}}
}

@inproceedings{opennmt,
	author		= {Guillaume Klein and Yoon Kim and Yuntian Deng and Jean Senellart and Alexander M. Rush},
	title		= {Open{NMT}: Open-Source Toolkit for Neural Machine Translation},
	booktitle	= {Proc. ACL},
	year		= {2017},
	url		= {https://doi.org/10.18653/v1/P17-4012},
	doi		= {10.18653/v1/P17-4012}
}

@misc{Wu:Schuster:16,
	title		= {Google's Neural Machine Translation System: Bridging the Gap between Human and Machine Translation},
	author		= {Yonghui Wu and Mike Schuster and Zhifeng Chen and Quoc V. Le and Mohammad Norouzi and Wolfgang Macherey and Maxim Krikun and Yuan Cao and Qin Gao and Klaus Macherey and Jeff Klingner and Apurva Shah and Melvin Johnson and Xiaobing Liu and ≈Åukasz Kaiser and Stephan Gouws and Yoshikiyo Kato and Taku Kudo and Hideto Kazawa and Keith Stevens and George Kurian and Nishant Patil and Wei Wang and Cliff Young and Jason Smith and Jason Riesa and Alex Rudnick and Oriol Vinyals and Greg Corrado and Macduff Hughes and Jeffrey Dean},
	year		= {2016},
	eprint		= {1609.08144},
	archivePrefix	= {arXiv},
	primaryClass	= {cs.CL}
}

@inproceedings{Papineni:2002,
	author = {Papineni, Kishore and Roukos, Salim and Ward, Todd and Zhu, Wei-Jing},
	title = {BLEU: A Method for Automatic Evaluation of Machine Translation},
	booktitle = {Proceedings of the 40th Annual Meeting on Association for Computational Linguistics},
	series = {ACL '02},
	year = {2002},
	location = {Philadelphia, Pennsylvania},
	pages = {311--318},
	numpages = {8},
	url = {https://doi.org/10.3115/1073083.1073135},
	doi = {10.3115/1073083.1073135},
	acmid = {1073135},
	publisher = {Association for Computational Linguistics},
	address = {Stroudsburg, PA, USA},
}

@misc{luong:15,
	title={Effective Approaches to Attention-based Neural Machine Translation},
	author={Minh-Thang Luong and Hieu Pham and Christopher D. Manning},
	year={2015},
	eprint={1508.04025},
	archivePrefix={arXiv},
	primaryClass={cs.CL}
}

@article{kobus:16,
	author    = {Catherine Kobus and Josep Maria Crego and Jean Senellart},
	title     = {Domain Control for Neural Machine Translation},
	journal   = {CoRR},
	volume    = {abs/1612.06140},
	year      = {2016},
	url       = {http://arxiv.org/abs/1612.06140},
	archivePrefix = {arXiv},
	eprint    = {1612.06140},
	timestamp = {Mon, 13 Aug 2018 16:48:52 +0200},
	biburl    = {https://dblp.org/rec/bib/journals/corr/KobusCS16},
	bibsource = {dblp computer science bibliography, https://dblp.org}
}

@misc{bahdanau:14,
	title={Neural Machine Translation by Jointly Learning to Align and Translate},
	author={Dzmitry Bahdanau and Kyunghyun Cho and Yoshua Bengio},
	year={2014},
	eprint={1409.0473},
	archivePrefix={arXiv},
	primaryClass={cs.CL}
} 


@incollection{vaswani:17,
	title = {Attention is All you Need},
	author = {Vaswani, Ashish and Shazeer, Noam and Parmar, Niki and Uszkoreit, Jakob and Jones, Llion and Gomez, Aidan N and Kaiser, \L ukasz and Polosukhin, Illia},
	booktitle = {Advances in Neural Information Processing Systems 30},
	editor = {I. Guyon and U. V. Luxburg and S. Bengio and H. Wallach and R. Fergus and S. Vishwanathan and R. Garnett},
	pages = {5998--6008},
	year = {2017},
	publisher = {Curran Associates, Inc.},
	url = {http://papers.nips.cc/paper/7181-attention-is-all-you-need.pdf}
}

@inproceedings{Bertoldi:09,
	author = {Bertoldi, Nicola and Federico, Marcello},
	title = {Domain Adaptation for Statistical Machine Translation with Monolingual Resources},
	booktitle = {Proceedings of the Fourth Workshop on Statistical Machine Translation},
	series = {StatMT '09},
	year = {2009},
	location = {Athens, Greece},
	pages = {182--189},
	numpages = {8},
	url = {http://dl.acm.org/citation.cfm?id=1626431.1626468},
	acmid = {1626468},
	publisher = {Association for Computational Linguistics},
	address = {Stroudsburg, PA, USA},
} 

@article{See:17,
	title={Get To The Point: Summarization with Pointer-Generator Networks},
	url={http://dx.doi.org/10.18653/v1/P17-1099},
	DOI={10.18653/v1/p17-1099},
	journal={ Proceedings of the 55th Annual Meeting of the Association for Computational Linguistics (Volume 1: Long Papers) },
	publisher={Association for Computational Linguistics},
	author={See, Abigail and Liu, Peter J. and Manning, Christopher D.},
	year={2017}
}

